<?xml version="1.0" encoding="UTF-8"?><record xmlns="http://www.loc.gov/MARC21/slim" xmlns:cinclude="http://apache.org/cocoon/include/1.0" xmlns:zs="http://www.loc.gov/zing/srw/">
  <leader>00519nz  a2200133n  4500</leader>
  <controlfield tag="001">n 2005091419</controlfield>
  <controlfield tag="003">DLC</controlfield>
  <controlfield tag="005">20051216152854.0</controlfield>
  <controlfield tag="008">051216n| acannaabn          |a aaa      </controlfield>
  <datafield tag="010" ind1=" " ind2=" ">
    <subfield code="a">n 2005091419</subfield>
  </datafield>
  <datafield tag="040" ind1=" " ind2=" ">
    <subfield code="a">DLC</subfield>
    <subfield code="b">eng</subfield>
    <subfield code="c">DLC</subfield>
  </datafield>
  <datafield tag="100" ind1="1" ind2=" ">
    <subfield code="a">Ariskina, A. V.</subfield>
    <subfield code="q">(Alena Viktorovna)</subfield>
  </datafield>
  <datafield tag="400" ind1="1" ind2=" ">
    <subfield code="a">Ariskina, Alena Viktorovna</subfield>
  </datafield>
  <datafield tag="670" ind1=" " ind2=" ">
    <subfield code="a">Akinin, P. V. Sot︠s︡ialʹno-ėkonomicheskoe razvitie regiona v uslovii︠a︡kh globalizat︠s︡ii i sovremennogo regionogeneza, 2004:</subfield>
    <subfield code="b">t.p. (A.V. Ariskina) colophon (Alena Viktorovna Ariskina)</subfield>
  </datafield>
</record>